@article{adams2009review,
  title={Review article: Coagulation cascade and therapeutics update: relevance to nephrology. Part 1: Overview of coagulation, thrombophilias and history of anticoagulants},
  author={Adams, Rebecca LC and Bird, Robert J},
  journal={Nephrology},
  volume={14},
  number={5},
  pages={462--470},
  year={2009},
  publisher={Wiley Online Library}
}

@article{mackman2009role,
  title={The role of tissue factor and factor VIIa in hemostasis},
  author={Mackman, Nigel},
  journal={Anesthesia and analgesia},
  volume={108},
  number={5},
  pages={1447},
  year={2009},
  publisher={NIH Public Access}
}

@article{mann2006models,
  title={Models of blood coagulation},
  author={Mann, Kenneth G and Brummel-Ziedins, Kathleen and Orfeo, Thomas and Butenas, Saulius},
  journal={Blood Cells, Molecules, and Diseases},
  volume={36},
  number={2},
  pages={108--117},
  year={2006},
  publisher={Elsevier}
}

@article{orfeo2004factor,
  title={The factor V activation paradox},
  author={Orfeo, Thomas and Brufatto, Nicole and Nesheim, Michael E and Xu, Hung and Butenas, Saulius and Mann, Kenneth G},
  journal={Journal of Biological Chemistry},
  volume={279},
  number={19},
  pages={19580--19591},
  year={2004},
  publisher={ASBMB}
}

@article{walker1994activation,
  title={The activation of prothrombin by the prothrombinase complex. The contribution of the substrate-membrane interaction to catalysis.},
  author={Walker, Randall K and Krishnaswamy, Sriram},
  journal={Journal of Biological Chemistry},
  volume={269},
  number={44},
  pages={27441--27450},
  year={1994},
  publisher={ASBMB}
}

@book{hoffman2009hematology,
  title={Hematology: basic principles and practice},
  author={Hoffman, Ronald and Benz, Edward J and Furie, Bruce and Shattil, Sanford J},
  year={2009},
  publisher={Churchill Livingstone}
}

@article{lwaleed2006tissue,
  title={Tissue factor pathway inhibitor: structure, biology and involvement in disease},
  author={Lwaleed, Bashir A and Bass, Paul S},
  journal={The Journal of pathology},
  volume={208},
  number={3},
  pages={327--339},
  year={2006},
  publisher={Wiley Online Library}
}

@inproceedings{olson1994regulation,
  title={Regulation of thrombin activity by antithrombin and heparin.},
  author={Olson, Steven T and Bj{\"o}rk, INGEMAR},
  booktitle={Seminars in thrombosis and hemostasis},
  volume={20},
  number={4},
  pages={373},
  year={1994}
}

@incollection{esmon1987anticoagulation,
  title={Anticoagulation proteins C and S},
  author={Esmon, Charles T and Vigano-D’Angelo, Silvana and D’Angelo, Armando and others},
  booktitle={The New Dimensions of Warfarin Prophylaxis},
  pages={47--54},
  year={1987},
  publisher={Springer}
}

@article{corral2007protein,
  title={Protein Z/Z-dependent protease inhibitor (PZ/ZPI) anticoagulant system and thrombosis},
  author={Corral, Javier and Gonz{\'a}lez-Conejero, Rocio and Hern{\'a}ndez-Espinosa, David and Vicente, Vicente},
  journal={British journal of haematology},
  volume={137},
  number={2},
  pages={99--108},
  year={2007},
  publisher={Wiley Online Library}
}

@article{thomas2008saphir,
  title={SAPHIR: a physiome core model of body fluid homeostasis and blood pressure regulation},
  author={Thomas, S Randall and Baconnier, Pierre and Fontecave, Julie and Fran{\c{c}}oise, Jean-Pierre and Guillaud, Fran{\c{c}}ois and Hannaert, Patrick and Hern{\'a}ndez, Alfredo and Le Rolle, Virginie and Mazi{\`e}re, Pierre and Tahi, Fariza and others},
  journal={Philosophical Transactions of the Royal Society of London A: Mathematical, Physical and Engineering Sciences},
  volume={366},
  number={1878},
  pages={3175--3197},
  year={2008},
  publisher={The Royal Society}
}

@article{dutta1996influence,
  title={Influence of non-Newtonian behavior of blood on flow in an elastic artery model},
  author={Dutta, A and Tarbell, JM},
  journal={Journal of biomechanical engineering},
  volume={118},
  number={1},
  pages={111--119},
  year={1996},
  publisher={American Society of Mechanical Engineers}
}

@article{shibeshi2005rheology,
  title={The rheology of blood flow in a branched arterial system},
  author={Shibeshi, Shewaferaw S and Collins, William E},
  journal={Applied rheology (Lappersdorf, Germany: Online)},
  volume={15},
  number={6},
  pages={398},
  year={2005},
  publisher={NIH Public Access}
}

@article{boyd2007analysis,
  title={Analysis of the Casson and Carreau-Yasuda non-Newtonian blood models in steady and oscillatory flows using the lattice Boltzmann method},
  author={Boyd, Joshua and Buick, James M and Green, Simon},
  journal={Physics of Fluids (1994-present)},
  volume={19},
  number={9},
  pages={093103},
  year={2007},
  publisher={AIP Publishing}
}

@inproceedings{oikonomopoulou2012interactions,
  title={Interactions between coagulation and complement—their role in inflammation},
  author={Oikonomopoulou, Katerina and Ricklin, Daniel and Ward, Peter A and Lambris, John D},
  booktitle={Seminars in immunopathology},
  volume={34},
  number={1},
  pages={151--165},
  year={2012},
  organization={Springer}
}

@article{markiewski2007complement,
  title={Complement and coagulation: strangers or partners in crime?},
  author={Markiewski, Maciej M and Nilsson, Bo and Ekdahl, Kristina Nilsson and Mollnes, Tom Eirik and Lambris, John D},
  journal={Trends in immunology},
  volume={28},
  number={4},
  pages={184--192},
  year={2007},
  publisher={Elsevier}
}

@article{gentry2002approach,
  title={An approach for the quantitative consideration of genetic polymorphism data in chemical risk assessment: examples with warfarin and parathion},
  author={Gentry, P Robinan and Hack, C Eric and Haber, Lynne and Maier, Andrew and Clewell, Harvey J},
  journal={Toxicological sciences},
  volume={70},
  number={1},
  pages={120--139},
  year={2002},
  publisher={Soc Toxicology}
}

@article{clewell2007physiologically,
  title={Physiologically based pharmacokinetic modeling},
  author={Clewell, Harvey J and Reddy, Micaela B and Lave, Thierry and Andersen, Melvin E},
  journal={Pharmaceutical Sciences Encyclopedia},
  year={2007},
  publisher={Wiley Online Library}
}

@article{mann2011thrombin,
  title={Thrombin generation in hemorrhage control and vascular occlusion},
  author={Mann, Kenneth G},
  journal={Circulation},
  volume={124},
  number={2},
  pages={225--235},
  year={2011},
  publisher={Am Heart Assoc}
}

@article{haynes2012prothrombin,
  title={Prothrombin activation by platelet-associated prothrombinase proceeds through the prethrombin-2 pathway via a concerted mechanism},
  author={Haynes, Laura M and Bouchard, Beth A and Tracy, Paula B and Mann, Kenneth G},
  journal={Journal of Biological Chemistry},
  volume={287},
  number={46},
  pages={38647--38655},
  year={2012},
  publisher={ASBMB}
}

@article{haynes2012membrane,
  title={Membrane binding events in the initiation and propagation phases of tissue factor-initiated zymogen activation under flow},
  author={Haynes, Laura M and Dubief, Yves C and Mann, Kenneth G},
  journal={Journal of Biological Chemistry},
  volume={287},
  number={8},
  pages={5225--5234},
  year={2012},
  publisher={ASBMB}
}

@article{bravo2012modeling,
  title={Modeling of human factor Va inactivation by activated protein C},
  author={Bravo, Maria Cristina and Orfeo, Thomas and Mann, Kenneth G and Everse, Stephen J},
  journal={BMC systems biology},
  volume={6},
  number={1},
  pages={1},
  year={2012},
  publisher={BioMed Central}
}

@article{esmon1992protein,
  title={The protein C anticoagulant pathway},
  author={Esmon, Charles T},
  journal={Arterioscler Thromb},
  volume={12},
  number={2},
  pages={135--145},
  year={1992}
}

@article{jesty1996initiation,
  title={Initiation of the tissue factor pathway of coagulation in the presence of heparin: control by antithrombin III and tissue factor pathway inhibitor},
  author={Jesty, Jolyon and Lorenz, A and Rodriguez, J and Wun, T-Ch},
  journal={Blood},
  volume={87},
  number={6},
  pages={2301--2307},
  year={1996},
  publisher={Am Soc Hematology}
}

@article{chapin2015fibrinolysis,
  title={Fibrinolysis and the control of blood coagulation},
  author={Chapin, John C and Hajjar, Katherine A},
  journal={Blood reviews},
  volume={29},
  number={1},
  pages={17--24},
  year={2015},
  publisher={Elsevier}
}

@article{pletcher1986molecular,
  title={Molecular weight analysis of antithrombin III-heparin and antithrombin III-thrombin-heparin complexes.},
  author={Pletcher, CH and Cunningham, Mark T and Nelsestuen, GL},
  journal={Journal of Biological Chemistry},
  volume={261},
  number={9},
  pages={4143--4147},
  year={1986},
  publisher={ASBMB}
}

@article{murano1980some,
  title={Some properties of antithrombin-III and its concentration in human plasma},
  author={Murano, Genesio and Williams, Lynne and Miller-Andersson, Maggie and Aronson, David L and King, Carla},
  journal={Thrombosis research},
  volume={18},
  number={1},
  pages={259--262},
  year={1980},
  publisher={Elsevier}
}

@article{olshansky2008parasympathetic,
  title={Parasympathetic nervous system and heart failure pathophysiology and potential implications for therapy},
  author={Olshansky, Brian and Sabbah, Hani N and Hauptman, Paul J and Colucci, Wilson S},
  journal={Circulation},
  volume={118},
  number={8},
  pages={863--871},
  year={2008},
  publisher={Am Heart Assoc}
}

@article{olufsen2013practical,
  title={A practical approach to parameter estimation applied to model predicting heart rate regulation},
  author={Olufsen, Mette S and Ottesen, Johnny T},
  journal={Journal of mathematical biology},
  volume={67},
  number={1},
  pages={39--68},
  year={2013},
  publisher={Springer}
}

@article{olufsen2006modeling,
  title={Modeling baroreflex regulation of heart rate during orthostatic stress},
  author={Olufsen, Mette S and Tran, Hien T and Ottesen, Johnny T and Lipsitz, Lewis A and Novak, Vera and others},
  journal={American Journal of Physiology-Regulatory, Integrative and Comparative Physiology},
  volume={291},
  number={5},
  pages={R1355--R1368},
  year={2006},
  publisher={Am Physiological Soc}
}

@article{ottesen1997modelling,
  title={Modelling of the baroreflex-feedback mechanism with time-delay},
  author={Ottesen, Johnny T},
  journal={Journal of mathematical biology},
  volume={36},
  number={1},
  pages={41--63},
  year={1997},
  publisher={Springer}
}

@article{olufsen2008modeling,
  title={Modeling heart rate regulation—Part I: sit-to-stand versus head-up tilt},
  author={Olufsen, Mette S and Alston, April V and Tran, Hien T and Ottesen, Johnny T and Novak, Vera},
  journal={Cardiovascular Engineering},
  volume={8},
  number={2},
  pages={73--87},
  year={2008},
  publisher={Springer}
}

@article{negative1999reflexes,
  title={Reflexes that control cardiovascular function},
  author={NEGATIVE, ARTERIAL BAROREFLEXES ARE A},
  year={1999}
}

@article{saeed2011multiparameter,
  title={Multiparameter Intelligent Monitoring in Intensive Care II (MIMIC-II): a public-access intensive care unit database},
  author={Saeed, Mohammed and Villarroel, Mauricio and Reisner, Andrew T and Clifford, Gari and Lehman, Li-Wei and Moody, George and Heldt, Thomas and Kyaw, Tin H and Moody, Benjamin and Mark, Roger G},
  journal={Critical care medicine},
  volume={39},
  number={5},
  pages={952},
  year={2011},
  publisher={NIH Public Access}
}

@article{charkoudian2010mechanisms,
  title={Mechanisms and modifiers of reflex induced cutaneous vasodilation and vasoconstriction in humans},
  author={Charkoudian, Nisha},
  journal={Journal of Applied Physiology},
  volume={109},
  number={4},
  pages={1221--1228},
  year={2010},
  publisher={Am Physiological Soc}
}

@article{rabelo2008bradykinin,
  title={Bradykinin or acetylcholine as vasodilators to test endothelial venous function in healthy subjects},
  author={Rabelo, Eneida R and Rohde, Luis E and Schaan, Beatriz D and Rubira, Marcelo C and Ruschel, Karen B and Plentz, Rodrigo DM and Consolim-Colombo, Fernanda M and Irigoyen, Maria Cl{\'a}udia and Moreno Junior, Heitor},
  journal={Clinics},
  volume={63},
  number={5},
  pages={677--682},
  year={2008},
  publisher={SciELO Brasil}
}

@book{boron2012medical,
  title={Medical Physiology, 2e Updated Edition: with STUDENT CONSULT Online Access},
  author={Boron, Walter F and Boulpaep, Emile L},
  year={2012},
  publisher={Elsevier Health Sciences}
}

@book{luisada1961cardiology,
  title={Cardiology: An Encyclopedia of the Cardiovascular System},
  author={Luisada, Aldo A},
  year={1961},
  publisher={McGraw-Hill}
}

@article{olshansky2008parasympathetic,
  title={Parasympathetic nervous system and heart failure pathophysiology and potential implications for therapy},
  author={Olshansky, Brian and Sabbah, Hani N and Hauptman, Paul J and Colucci, Wilson S},
  journal={Circulation},
  volume={118},
  number={8},
  pages={863--871},
  year={2008},
  publisher={Am Heart Assoc}
}

@article{olufsen2013practical,
  title={A practical approach to parameter estimation applied to model predicting heart rate regulation},
  author={Olufsen, Mette S and Ottesen, Johnny T},
  journal={Journal of mathematical biology},
  volume={67},
  number={1},
  pages={39--68},
  year={2013},
  publisher={Springer}
}

@article{olufsen2006modeling,
  title={Modeling baroreflex regulation of heart rate during orthostatic stress},
  author={Olufsen, Mette S and Tran, Hien T and Ottesen, Johnny T and Lipsitz, Lewis A and Novak, Vera and others},
  journal={American Journal of Physiology-Regulatory, Integrative and Comparative Physiology},
  volume={291},
  number={5},
  pages={R1355--R1368},
  year={2006},
  publisher={Am Physiological Soc}
}

@article{ottesen1997modelling,
  title={Modelling of the baroreflex-feedback mechanism with time-delay},
  author={Ottesen, Johnny T},
  journal={Journal of mathematical biology},
  volume={36},
  number={1},
  pages={41--63},
  year={1997},
  publisher={Springer}
}

@article{olufsen2008modeling,
  title={Modeling heart rate regulation—Part I: sit-to-stand versus head-up tilt},
  author={Olufsen, Mette S and Alston, April V and Tran, Hien T and Ottesen, Johnny T and Novak, Vera},
  journal={Cardiovascular Engineering},
  volume={8},
  number={2},
  pages={73--87},
  year={2008},
  publisher={Springer}
}

@article{negative1999reflexes,
  title={Reflexes that control cardiovascular function},
  author={NEGATIVE, ARTERIAL BAROREFLEXES ARE A},
  year={1999}
}

@article{saeed2011multiparameter,
  title={Multiparameter Intelligent Monitoring in Intensive Care II (MIMIC-II): a public-access intensive care unit database},
  author={Saeed, Mohammed and Villarroel, Mauricio and Reisner, Andrew T and Clifford, Gari and Lehman, Li-Wei and Moody, George and Heldt, Thomas and Kyaw, Tin H and Moody, Benjamin and Mark, Roger G},
  journal={Critical care medicine},
  volume={39},
  number={5},
  pages={952},
  year={2011},
  publisher={NIH Public Access}
}

@article{stelling2004robustness,
  title={Robustness properties of circadian clock architectures},
  author={Stelling, J{\"o}rg and Gilles, Ernst Dieter and Doyle, Francis J},
  journal={Proceedings of the National Academy of Sciences of the United States of America},
  volume={101},
  number={36},
  pages={13210--13215},
  year={2004},
  publisher={National Acad Sciences}
}

@article{le1993new,
  title={A new simplified acute physiology score (SAPS II) based on a European/North American multicenter study},
  author={Le Gall, Jean-Roger and Lemeshow, Stanley and Saulnier, Fabienne},
  journal={Jama},
  volume={270},
  number={24},
  pages={2957--2963},
  year={1993},
  publisher={American Medical Association}
}

@article{rousseeuw1987silhouettes,
  title={Silhouettes: a graphical aid to the interpretation and validation of cluster analysis},
  author={Rousseeuw, Peter J},
  journal={Journal of computational and applied mathematics},
  volume={20},
  pages={53--65},
  year={1987},
  publisher={Elsevier}
}

@article{luan2007computationally,
  title={Computationally derived points of fragility of a human cascade are consistent with current therapeutic strategies},
  author={Luan, Deyan and Zai, Michael and Varner, Jeffrey D},
  journal={PLoS Comput Biol},
  volume={3},
  number={7},
  pages={e142},
  year={2007},
  publisher={Public Library of Science}
}

@article{sagar2015dynamic,
  title={Dynamic Modeling of the Human Coagulation Cascade Using Reduced Order Effective Kinetic Models},
  author={Sagar, Adithya and Varner, Jeffrey D},
  journal={Processes},
  volume={3},
  number={1},
  pages={178--203},
  year={2015},
  publisher={Multidisciplinary Digital Publishing Institute}
}

@article{ho2005mathematical,
  title={A mathematical model for fresh frozen plasma transfusion strategies during major trauma resuscitation with ongoing hemorrhage},
  author={Ho, Anthony MH and Dion, Peter W and Cheng, Claudia AY and Karmakar, Manoj K and others},
  journal={Canadian journal of surgery},
  volume={48},
  number={6},
  pages={470},
  year={2005},
  publisher={8872147 Canada Inc.}
}

@article{hirshberg2003minimizing,
  title={Minimizing dilutional coagulopathy in exsanguinating hemorrhage: a computer simulation},
  author={Hirshberg, Asher and Dugas, Mark and Banez, Eugenio I and Scott, Bradford G and Wall Jr, Matthew J and Mattox, Kenneth L},
  journal={Journal of Trauma and Acute Care Surgery},
  volume={54},
  number={3},
  pages={454--463},
  year={2003},
  publisher={LWW}
}

@article{simpson1996computer,
  title={A computer model of major haemorrhage and resuscitation},
  author={Simpson, SH and Menezes, G and Mardel, SN and Kelly, S and White, R and Beattie, T},
  journal={Medical engineering \& physics},
  volume={18},
  number={4},
  pages={339--343},
  year={1996},
  publisher={Elsevier}
}

@article{reisner2013computational,
  title={A computational model of hemorrhage and dehydration suggests a pathophysiological mechanism: Starling-mediated protein trapping},
  author={Reisner, Andrew T and Heldt, Thomas},
  journal={American Journal of Physiology-Heart and Circulatory Physiology},
  volume={304},
  number={4},
  pages={H620--H631},
  year={2013},
  publisher={Am Physiological Soc}
}

@article{beltrami1995mathematical,
  title={Mathematical analysis of activation thresholds in enzyme-catalyzed positive feedbacks: application to the feedbacks of blood coagulation},
  author={Beltrami, Edward and Jesty, Jolyon},
  journal={Proceedings of the National Academy of Sciences},
  volume={92},
  number={19},
  pages={8744--8748},
  year={1995},
  publisher={National Acad Sciences}
}

@article{ottesen1996non,
  title={Non-linearity of baroreceptor},
  author={Ottesen, Johnny Tom},
  year={1996},
  publisher={Roskilde Universitet}
}

@article{kauvar2006impact,
  title={Impact of hemorrhage on trauma outcome: an overview of epidemiology, clinical presentations, and therapeutic considerations},
  author={Kauvar, David S and Lefering, Rolf and Wade, Charles E},
  journal={Journal of Trauma and Acute Care Surgery},
  volume={60},
  number={6},
  pages={S3--S11},
  year={2006},
  publisher={LWW}
}

@article{macleod2003early,
  title={Early coagulopathy predicts mortality in trauma},
  author={MacLeod, Jana BA and Lynn, Mauricio and McKenney, Mark G and Cohn, Stephen M and Murtha, Mary and others},
  journal={Journal of Trauma-Injury Infection and Critical Care},
  volume={55},
  number={1},
  pages={39--44},
  year={2003},
  publisher={Baltimore, MD: Williams \& Wilkins, 1995-}
}

@article{brohi2003acute,
  title={Acute traumatic coagulopathy},
  author={Brohi, Karim and Singh, Jasmin and Heron, Mischa and Coats, Timothy},
  journal={Journal of Trauma and Acute Care Surgery},
  volume={54},
  number={6},
  pages={1127--1130},
  year={2003},
  publisher={LWW}
}

@article{blackbourne2010decreasing,
  title={Decreasing killed in action and died of wounds rates in combat wounded},
  author={Blackbourne, Lorne H and Czarnik, James and Mabry, Robert and Eastridge, Brian and Baer, David and Butler, Frank and Pruitt Jr, Basil},
  journal={Journal of Trauma and Acute Care Surgery},
  volume={69},
  number={1},
  pages={S1--S4},
  year={2010},
  publisher={LWW}
}

@article{frith2010definition,
  title={Definition and drivers of acute traumatic coagulopathy: clinical and experimental investigations},
  author={Frith, D and Goslings, JC and Gaarder, C and Maegele, M and Cohen, MJ and Allard, S and Johansson, PI and Stanworth, S and Thiemermann, C and Brohi, K},
  journal={Journal of Thrombosis and Haemostasis},
  volume={8},
  number={9},
  pages={1919--1925},
  year={2010},
  publisher={Wiley Online Library}
}

@article{hunt2014bleeding,
  title={Bleeding and coagulopathies in critical care},
  author={Hunt, Beverley J},
  journal={New England Journal of Medicine},
  volume={370},
  number={9},
  pages={847--859},
  year={2014},
  publisher={Mass Medical Soc}
}

@article{meng2003effect,
  title={The effect of temperature and pH on the activity of factor VIIa: implications for the efficacy of high-dose factor VIIa in hypothermic and acidotic patients},
  author={Meng, Zhi Hong and Wolberg, Alisa S and Monroe III, Dougald M and Hoffman, Maureane},
  journal={Journal of Trauma and Acute Care Surgery},
  volume={55},
  number={5},
  pages={886--891},
  year={2003},
  publisher={LWW}
}

@article{zarnitsina1996mathematical,
  title={A mathematical model for the spatio-temporal dynamics of intrinsic pathway of blood coagulation. II. Results},
  author={Zarnitsina, VI and Pokhilko, AV and Ataullakhanov, FI},
  journal={Thrombosis Research},
  volume={84},
  number={5},
  pages={333--344},
  year={1996},
  publisher={Elsevier}
}

@article{wiman1978molecular,
  title={Molecular mechanism of physiological fibrinolysis},
  author={Wiman, Bj{\"o}rn and Collen, D{\'e}sir{\'e}},
  year={1978},
  publisher={Nature Publishing Group}
}

@article{bannish2012modelling,
  title={Modelling fibrinolysis: a 3D stochastic multiscale model},
  author={Bannish, Brittany E and Keener, James P and Fogelson, Aaron L},
  journal={Mathematical Medicine and Biology},
  pages={dqs029},
  year={2012},
  publisher={IMA}
}

@article{wootton2002experimental,
  title={An experimental and theoretical study on the dissolution of mural fibrin clots by tissue-type plasminogen activator},
  author={Wootton, David M and Popel, Aleksander S and Rita Alevriadou, B},
  journal={Biotechnology and bioengineering},
  volume={77},
  number={4},
  pages={405--419},
  year={2002},
  publisher={Wiley Online Library}
}

@article{crash2011importance,
  title={The importance of early treatment with tranexamic acid in bleeding trauma patients: an exploratory analysis of the CRASH-2 randomised controlled trial},
  author={Crash-2 Collaborators and others},
  journal={The Lancet},
  volume={377},
  number={9771},
  pages={1096--1101},
  year={2011},
  publisher={Elsevier}
}

@article{kwan2014timing,
  title={Timing and volume of fluid administration for patients with bleeding},
  author={Kwan, Irene and Bunn, Frances and Chinnock, Paul and Roberts, Ian},
  journal={The Cochrane Library},
  year={2014},
  publisher={Wiley Online Library}
}

@article{roberts2001normalisation,
  title={Is the normalisation of blood pressure in bleeding trauma patients harmful?},
  author={Roberts, Ian and Evans, Phillip and Bunn, Frances and Kwan, Irene and Crowhurst, Edward},
  journal={The Lancet},
  volume={357},
  number={9253},
  pages={385--387},
  year={2001},
  publisher={Elsevier}
}

@article{spahn2007management,
  title={Management of bleeding following major trauma: a European guideline},
  author={Spahn, Donat R and Cerny, Vladimir and Coats, Timothy J and Duranteau, Jacques and Fern{\'a}ndez-Mond{\'e}jar, Enrique and Gordini, Giovanni and Stahel, Philip F and Hunt, Beverley J and Komadina, Radko and Neugebauer, Edmund and others},
  journal={Critical care},
  volume={11},
  number={1},
  pages={1},
  year={2007},
  publisher={BioMed Central}
}

@article{dunn1999tranexamic,
  title={Tranexamic acid},
  author={Dunn, Christopher J and Goa, Karen L},
  journal={Drugs},
  volume={57},
  number={6},
  pages={1005--1032},
  year={1999},
  publisher={Springer}
}

@article{kerr2003effects,
  title={Effects of acute liver injury on blood coagulation},
  author={Kerr, R and Newsome, P and Germain, L and Thomson, E and Dawson, P and Stirling, D and Ludlam, CA},
  journal={Journal of Thrombosis and Haemostasis},
  volume={1},
  number={4},
  pages={754--759},
  year={2003},
  publisher={Wiley Online Library}
}

@article{bassen2016jupoets,
  title={JuPOETs: A Constrained Multiobjective Optimization Approach to Estimate Biochemical Model Ensembles in the Julia Programming Language},
  author={Bassen, David and Vilkhovoy, Michael and Minot, Mason and Butcher, Jonathan T and Varner, Jeffrey D},
  journal={bioRxiv},
  pages={056044},
  year={2016},
  publisher={Cold Spring Harbor Labs Journals}
}

@article{boccaccio1981disseminated,
  title={[Disseminated intravascular coagulation. I. Pathogenetic mechanisms, physiopathological changes and clinical aspects]},
  author={Boccaccio, P and Ghio, R and Ratti, M and Ca{\'s}ciaro, S and Rattenni, S and Sergnese, G},
  journal={Minerva medica},
  volume={72},
  number={45},
  pages={3019--3030},
  year={1981}
}

@article{stacca1989disseminated,
  title={Disseminated intravascular coagulation and trauma},
  author={Stacca, R and Pignatti, R and Iseppi, D and Bozzola, M and Campisi, M},
  journal={Resuscitation},
  volume={18},
  number={2},
  pages={151--152},
  year={1989},
  publisher={Elsevier}
}

@article{wajima2009comprehensive,
  title={A comprehensive model for the humoral coagulation network in humans},
  author={Wajima, T and Isbister, GK and Duffull, SB},
  journal={Clinical pharmacology and therapeutics},
  volume={86},
  number={3},
  pages={290},
  year={2009}
}

@inproceedings{gando2001disseminated,
  title={Disseminated intravascular coagulation in trauma patients},
  author={Gando, Satoshi},
  booktitle={Seminars in thrombosis and hemostasis},
  volume={27},
  number={06},
  pages={585--592},
  year={2001},
  organization={Copyright{\copyright} 2001 by Thieme Medical Publishers, Inc., 333 Seventh Avenue, New York, NY 10001, USA. Tel.:+ 1 (212) 584-4662}
}

@article{leggett1991suggested,
  title={Suggested reference values for regional blood volumes in humans.},
  author={Leggett, RW and Williams, LR},
  journal={Health Physics},
  volume={60},
  number={2},
  pages={139--154},
  year={1991},
  publisher={LWW}
}

@article{davy1994total,
  title={Total blood volume in healthy young and older men},
  author={Davy, KEVIN P and Seals, DOUGLAS R},
  journal={Journal of Applied Physiology},
  volume={76},
  number={5},
  pages={2059--2062},
  year={1994},
  publisher={Am Physiological Soc}
}

@article{esmon1989roles,
  title={The roles of protein C and thrombomodulin in the regulation of blood coagulation},
  author={Esmon, Charles T},
  journal={J Biol Chem},
  volume={264},
  number={9},
  pages={4743--4746},
  year={1989},
  publisher={ASBMB}
}

@article{chowienczyk1994blood,
  title={Blood flow responses to intra-arterial acetylcholine in man: effects of basal flow and conduit vessel length},
  author={Chowienczyk, PJ and Cockcroft, JR and Ritter, JM},
  journal={Clinical Science},
  volume={87},
  number={1},
  pages={45--51},
  year={1994},
  publisher={Portland Press Limited}
}

@article{dora1983effect,
  title={Effect of topically administered epinephrine, norepinephrine, and acetylcholine on cerebrocortical circulation and the NAD/NADH redox state},
  author={D{\'o}ra, E{\"o}rs and Kov{\'a}ch, Arisztid GB},
  journal={Journal of Cerebral Blood Flow \& Metabolism},
  volume={3},
  number={2},
  pages={161--169},
  year={1983},
  publisher={SAGE Publications}
}

@article{soria2009genetic,
  title={The Genetic Component of Disorders of Coagulation and Thrombosis},
  author={Soria, Jos{\'e} Manuel},
  journal={Revista Espa{\~n}ola de Cardiolog{\'\i}a},
  volume={9},
  number={Supl. B},
  pages={58--65},
  year={2009},
  publisher={Elsevier}
}

@article{tang2012genetic,
  title={Genetic associations for activated partial thromboplastin time and prothrombin time, their gene expression profiles, and risk of coronary artery disease},
  author={Tang, Weihong and Schwienbacher, Christine and Lopez, Lorna M and Ben-Shlomo, Yoav and Oudot-Mellakh, Tiphaine and Johnson, Andrew D and Samani, Nilesh J and Basu, Saonli and G{\"o}gele, Martin and Davies, Gail and others},
  journal={The American Journal of Human Genetics},
  volume={91},
  number={1},
  pages={152--162},
  year={2012},
  publisher={Elsevier}
}

@article{feldschuh1977prediction,
  title={Prediction of the normal blood volume. Relation of blood volume to body habitus.},
  author={Feldschuh, Joseph and Enson, Yale},
  journal={Circulation},
  volume={56},
  number={4},
  pages={605--612},
  year={1977},
  publisher={Am Heart Assoc}
}

@article{price2003modeling,
  title={Modeling interindividual variation in physiological factors used in PBPK models of humans},
  author={Price, Paul S and Conolly, Rory B and Chaisson, Christine F and Gross, Elizabeth A and Young, John S and Mathis, Eric T and Tedder, Douglas R},
  journal={Critical reviews in toxicology},
  volume={33},
  number={5},
  pages={469--503},
  year={2003},
  publisher={Taylor \& Francis}
}

@article{foex1999systemic,
  title={Systemic responses to trauma},
  author={Foex, BA},
  journal={British medical bulletin},
  volume={55},
  number={4},
  pages={726--743},
  year={1999},
  publisher={British Council}
}

@article{jacobsen1990cardiovascular,
  title={Cardiovascular and endocrine responses to haemorrhage in the pig},
  author={Jacobsen, J and S{\o}felt, S and Sheikh, S and Warberg, J and Secher, NH},
  journal={Acta physiologica scandinavica},
  volume={138},
  number={2},
  pages={167--173},
  year={1990},
  publisher={Wiley Online Library}
}

@phdthesis{menezes1998computer,
  title={A computer model of acute haemorrhage and resuscitation},
  author={Menezes, Kevin Gerard},
  year={1998},
  school={UNIVERSITY OF ABERDEEN (UNITED KINGDOM)}
}

@article{esmon1989roles,
  title={The roles of protein C and thrombomodulin in the regulation of blood coagulation},
  author={Esmon, Charles T},
  journal={J Biol Chem},
  volume={264},
  number={9},
  pages={4743--4746},
  year={1989},
  publisher={ASBMB}
}

@article{guyton1972circulation,
  title={Circulation: overall regulation},
  author={Guyton, Arthur C and Coleman, Thomas G and Granger, Harris J},
  journal={Annual review of physiology},
  volume={34},
  number={1},
  pages={13--44},
  year={1972},
  publisher={Annual Reviews 4139 El Camino Way, PO Box 10139, Palo Alto, CA 94303-0139, USA}
}

@article{coleman1983comprehensive,
  title={A Comprehensive Physiological Model},
  author={Coleman, Thomas G and Randall, James E},
  journal={The Physiologist},
  volume={26},
  number={1},
  year={1983},
  publisher={Citeseer}
}

@article{mohanty1989neurohumoral,
  title={Neurohumoral and hemodynamic effects of lower body negative pressure in patients with congestive heart failure},
  author={Mohanty, Pramod K and Arrowood, James A and Ellenbogen, Kenneth A and Thames, Marc D},
  journal={American heart journal},
  volume={118},
  number={1},
  pages={78--85},
  year={1989},
  publisher={Elsevier}
}

@article{murray1968hemodynamic,
  title={Hemodynamic effects of graded hypovolemia and vasodepressor syncope induced by lower body negative pressure},
  author={Murray, Raymond H and Thompson, Leonard J and Bowers, John A and Albright, Charles D},
  journal={American heart journal},
  volume={76},
  number={6},
  pages={799--811},
  year={1968},
  publisher={Elsevier}
}

@article{sagar2016reduced,
  title={Reduced order modeling and analysis of the human complement system},
  author={Sagar, Adithya and Dai, Wei and Minot, Mason and Varner, Jeffrey D},
  journal={bioRxiv},
  pages={059386},
  year={2016},
  publisher={Cold Spring Harbor Labs Journals}
}

@article{zewde2016quantitative,
  title={Quantitative Modeling of the Alternative Pathway of the Complement System},
  author={Zewde, Nehemiah and Gorham Jr, Ronald D and Dorado, Angel and Morikis, Dimitrios},
  journal={PloS one},
  volume={11},
  number={3},
  pages={e0152337},
  year={2016},
  publisher={Public Library of Science}
}

@article{korotaevskiy2009non,
  title={Non-linear dynamics of the complement system activation},
  author={Korotaevskiy, Andrey A and Hanin, Leonid G and Khanin, Mikhail A},
  journal={Mathematical biosciences},
  volume={222},
  number={2},
  pages={127--143},
  year={2009},
  publisher={Elsevier}
}

@article{rhee2014increasing,
  title={Increasing trauma deaths in the United States},
  author={Rhee, Peter and Joseph, Bellal and Pandit, Viraj and Aziz, Hassan and Vercruysse, Gary and Kulvatunyou, Narong and Friese, Randall S},
  journal={Annals of surgery},
  volume={260},
  number={1},
  pages={13--21},
  year={2014},
  publisher={LWW}
}

@article{sauaia1995epidemiology,
  title={Epidemiology of trauma deaths: a reassessment.},
  author={Sauaia, Angela and Moore, Frederick A and Moore, Ernest E and Moser, Kathe S and Brennan, Regina and Read, Robert A and Pons, Peter T},
  journal={The Journal of trauma},
  volume={38},
  number={2},
  pages={185--193},
  year={1995}
}

@article{lansink2013cause,
  title={Cause of death and time of death distribution of trauma patients in a level I trauma centre in the Netherlands},
  author={Lansink, KWW and Gunning, AC and Leenen, LPH},
  journal={European journal of trauma and emergency surgery},
  volume={39},
  number={4},
  pages={375--383},
  year={2013},
  publisher={Springer}
}

@article{markiewski2007complement,
  title={Complement and coagulation: strangers or partners in crime?},
  author={Markiewski, Maciej M and Nilsson, Bo and Ekdahl, Kristina Nilsson and Mollnes, Tom Eirik and Lambris, John D},
  journal={Trends in immunology},
  volume={28},
  number={4},
  pages={184--192},
  year={2007},
  publisher={Elsevier}
}

@article{thomas2008saphir,
  title={SAPHIR: a physiome core model of body fluid homeostasis and blood pressure regulation},
  author={Thomas, S Randall and Baconnier, Pierre and Fontecave, Julie and Fran{\c{c}}oise, Jean-Pierre and Guillaud, Fran{\c{c}}ois and Hannaert, Patrick and Hern{\'a}ndez, Alfredo and Le Rolle, Virginie and Mazi{\`e}re, Pierre and Tahi, Fariza and others},
  journal={Philosophical Transactions of the Royal Society of London A: Mathematical, Physical and Engineering Sciences},
  volume={366},
  number={1878},
  pages={3175--3197},
  year={2008},
  publisher={The Royal Society}
}

@article{morad2015time,
  title={Time-course analysis of C3a and C5a quantifies the coupling between the upper and terminal Complement pathways in vitro},
  author={Morad, Hassan OJ and Belete, Samuel C and Read, Thomas and Shaw, Andrew M},
  journal={Journal of immunological methods},
  volume={427},
  pages={13--18},
  year={2015},
  publisher={Elsevier}
}

@article{johansson2011disseminated,
  title={Disseminated intravascular coagulation or acute coagulopathy of trauma shock early after trauma? An observational study},
  author={Johansson, P{\"a}r I and S{\o}rensen, Anne Marie and Perner, Anders and Welling, Karen Lise and Wanscher, Michael and Larsen, Claus F and Ostrowski, Sisse R},
  journal={Critical Care},
  volume={15},
  number={6},
  pages={1},
  year={2011},
  publisher={BioMed Central}
}

@article{johnson2016mimic,
  title={MIMIC-III, a freely accessible critical care database},
  author={Johnson, Alistair EW and Pollard, Tom J and Shen, Lu and Lehman, Li-wei H and Feng, Mengling and Ghassemi, Mohammad and Moody, Benjamin and Szolovits, Peter and Celi, Leo Anthony and Mark, Roger G},
  journal={Scientific data},
  volume={3},
  year={2016},
  publisher={Nature Publishing Group}
}

@article{dehghan2009association,
  title={Association of novel genetic loci with circulating fibrinogen levels a genome-wide association study in 6 population-based cohorts},
  author={Dehghan, Abbas and Yang, Qiong and Peters, Annette and Basu, Saonli and Bis, Joshua C and Rudnicka, Alicja R and Kavousi, Maryam and Chen, Ming-Huei and Baumert, Jens and Lowe, Gordon DO and others},
  journal={Circulation: Cardiovascular Genetics},
  volume={2},
  number={2},
  pages={125--133},
  year={2009},
  publisher={Am Heart Assoc}
}

@article{lane1996inherited,
  title={Inherited thrombophilia: part I},
  author={Lane, David A and Mannucci, Pier M and Bauer, KA and Bertina, RM and Bochkov, Nikoiay P and Boulyjenkov, Victor and Chandy, Mammen and Dahlback, B and Ginter, EK and Miletich, JP and others},
  journal={Thromb Haemost},
  volume={76},
  number={5},
  pages={651--662},
  year={1996}
}

@article{nanjappa2013plasma,
  title={Plasma Proteome Database as a resource for proteomics research: 2014 update},
  author={Nanjappa, Vishalakshi and Thomas, Joji Kurian and Marimuthu, Arivusudar and Muthusamy, Babylakshmi and Radhakrishnan, Aneesha and Sharma, Rakesh and Khan, Aafaque Ahmad and Balakrishnan, Lavanya and Sahasrabuddhe, Nandini A and Kumar, Satwant and others},
  journal={Nucleic acids research},
  pages={gkt1251},
  year={2013},
  publisher={Oxford Univ Press}
}

@article{holcomb2008increased,
  title={Increased plasma and platelet to red blood cell ratios improves outcome in 466 massively transfused civilian trauma patients},
  author={Holcomb, John and Wade, Charles and Michalek, Joel and Chisholm, Gary and Zarzabal, Lee and Schreiber, Martin and Gonzalez, Ernest and Pomper, Gregory and Perkins, Jeremy and Spinella, Phillip and others},
  journal={Annals of surgery},
  volume={248},
  number={3},
  pages={447},
  year={2008}
}

@article{russell2003genetics,
  title={Genetics of coagulation factors in acute lung injury},
  author={Russell, James A},
  journal={Critical care medicine},
  volume={31},
  number={4},
  pages={S243--S247},
  year={2003},
  publisher={LWW}
}

@MISC{percentdeaths,
  author = {{The National Academies}},
  title = {Up to 20 Percent of U.S. Trauma Deaths Could Be Prevented With Better Care;
Integration of Military and Civilian Trauma Care Systems Needed to Reach National Aim of Zero Preventable Deaths After Injury},
  howpublished = {Press Release},
  month = {June},
  year = {2016},
  note = {\url{http://www8.nationalacademies.org/onpinews/newsitem.aspx?recordid=23511}}
}

@incollection{peerschke2008platelet,
  title={Platelet mediated complement activation},
  author={Peerschke, Ellinor IB and Yin, Wei and Ghebrehiwet, Berhane},
  booktitle={Current Topics in Complement II},
  pages={77--87},
  year={2008},
  publisher={Springer}
}